%! Author = Sebastian Peschke & Johannes Emanuel Strecker
%! Date = 1.1.2023

@online{redditThread,
    author = {u/Neo-Bubba},
    title = {Log4j 0day being exploited (mega thread/ overview)},
    urldate = {2023-01-05},
    url = {https://www.reddit.com/r/sysadmin/comments/reqc6f/log4j_0day_being_exploited_mega_thread_overview/},
}
